{
  "summary": {
    "total_spend": 736526.71,
    "total_attributed_revenue": 834304.29,
    "total_revenue": 5946862.2,
    "total_orders": 76636,
    "total_new_customers": 20615,
    "total_impressions": 17668331,
    "total_clicks": 426929,
    "avg_ctr": 2.416,
    "avg_cpc": 1.73,
    "overall_roas": 1.13,
    "cpa": 35.73,
    "attribution_rate": 14.0
  },
  "daily_metrics": [
    {
      "date": "2024-01-01",
      "impressions": 90660,
      "clicks": 2351,
      "spend": 3828.5,
      "attributed_revenue": 4481.89,
      "ctr": 2.593,
      "cpc": 1.63,
      "roas": 1.17,
      "orders": 368,
      "new_customers": 92,
      "total_revenue": 19977.94,
      "gross_profit": 11083.53,
      "marketing_attribution": 22.4,
      "facebook_spend": 1162.75,
      "google_spend": 1947.3,
      "tiktok_spend": 718.45,
      "facebook_revenue": 1325.02,
      "google_revenue": 2515.46,
      "tiktok_revenue": 641.41
    },
    {
      "date": "2024-01-02",
      "impressions": 101155,
      "clicks": 2475,
      "spend": 3467.27,
      "attributed_revenue": 3058.55,
      "ctr": 2.447,
      "cpc": 1.4,
      "roas": 0.88,
      "orders": 464,
      "new_customers": 106,
      "total_revenue": 24636.93,
      "gross_profit": 13072.87,
      "marketing_attribution": 12.4,
      "facebook_spend": 1202.25,
      "google_spend": 1901.52,
      "tiktok_spend": 363.5,
      "facebook_revenue": 357.23,
      "google_revenue": 1742.88,
      "tiktok_revenue": 958.44
    },
    {
      "date": "2024-01-03",
      "impressions": 104201,
      "clicks": 2875,
      "spend": 5511.49,
      "attributed_revenue": 4571.54,
      "ctr": 2.759,
      "cpc": 1.92,
      "roas": 0.83,
      "orders": 486,
      "new_customers": 120,
      "total_revenue": 61437.97,
      "gross_profit": 35021.7,
      "marketing_attribution": 7.4,
      "facebook_spend": 1720.36,
      "google_spend": 3509.42,
      "tiktok_spend": 281.71,
      "facebook_revenue": 1645.62,
      "google_revenue": 2328.59,
      "tiktok_revenue": 597.33
    },
    {
      "date": "2024-01-04",
      "impressions": 95502,
      "clicks": 2175,
      "spend": 3110.3,
      "attributed_revenue": 4590.8,
      "ctr": 2.277,
      "cpc": 1.43,
      "roas": 1.48,
      "orders": 485,
      "new_customers": 138,
      "total_revenue": 14953.6,
      "gross_profit": 8638.12,
      "marketing_attribution": 30.7,
      "facebook_spend": 811.64,
      "google_spend": 1420.55,
      "tiktok_spend": 878.11,
      "facebook_revenue": 1559.94,
      "google_revenue": 1317.74,
      "tiktok_revenue": 1713.12
    },
    {
      "date": "2024-01-05",
      "impressions": 130606,
      "clicks": 3277,
      "spend": 6351.92,
      "attributed_revenue": 5977.09,
      "ctr": 2.509,
      "cpc": 1.94,
      "roas": 0.94,
      "orders": 451,
      "new_customers": 118,
      "total_revenue": 26289.91,
      "gross_profit": 14452.51,
      "marketing_attribution": 22.7,
      "facebook_spend": 2064.08,
      "google_spend": 3998.61,
      "tiktok_spend": 289.23,
      "facebook_revenue": 1915.27,
      "google_revenue": 3459.11,
      "tiktok_revenue": 602.71
    },
    {
      "date": "2024-01-06",
      "impressions": 103188,
      "clicks": 3033,
      "spend": 5021.86,
      "attributed_revenue": 4487.37,
      "ctr": 2.939,
      "cpc": 1.66,
      "roas": 0.89,
      "orders": 612,
      "new_customers": 96,
      "total_revenue": 72355.57,
      "gross_profit": 38225.09,
      "marketing_attribution": 6.2,
      "facebook_spend": 1020.43,
      "google_spend": 3652.18,
      "tiktok_spend": 349.25,
      "facebook_revenue": 1312.57,
      "google_revenue": 2441.29,
      "tiktok_revenue": 733.51
    },
    {
      "date": "2024-01-07",
      "impressions": 75642,
      "clicks": 1926,
      "spend": 2751.57,
      "attributed_revenue": 2427.94,
      "ctr": 2.546,
      "cpc": 1.43,
      "roas": 0.88,
      "orders": 561,
      "new_customers": 169,
      "total_revenue": 42937.32,
      "gross_profit": 24171.44,
      "marketing_attribution": 5.7,
      "facebook_spend": 734.88,
      "google_spend": 1856.47,
      "tiktok_spend": 160.22,
      "facebook_revenue": 723.99,
      "google_revenue": 1406.51,
      "tiktok_revenue": 297.44
    },
    {
      "date": "2024-01-08",
      "impressions": 140238,
      "clicks": 3850,
      "spend": 6255.19,
      "attributed_revenue": 7904.85,
      "ctr": 2.745,
      "cpc": 1.62,
      "roas": 1.26,
      "orders": 460,
      "new_customers": 82,
      "total_revenue": 32755.78,
      "gross_profit": 18337.56,
      "marketing_attribution": 24.1,
      "facebook_spend": 1431.81,
      "google_spend": 4190.83,
      "tiktok_spend": 632.55,
      "facebook_revenue": 1758.72,
      "google_revenue": 4623.47,
      "tiktok_revenue": 1522.66
    },
    {
      "date": "2024-01-09",
      "impressions": 158150,
      "clicks": 3700,
      "spend": 5727.53,
      "attributed_revenue": 6384.95,
      "ctr": 2.34,
      "cpc": 1.55,
      "roas": 1.11,
      "orders": 462,
      "new_customers": 105,
      "total_revenue": 41980.3,
      "gross_profit": 21732.79,
      "marketing_attribution": 15.2,
      "facebook_spend": 1005.62,
      "google_spend": 3857.46,
      "tiktok_spend": 864.45,
      "facebook_revenue": 1231.79,
      "google_revenue": 4455.3,
      "tiktok_revenue": 697.86
    },
    {
      "date": "2024-01-10",
      "impressions": 117352,
      "clicks": 2546,
      "spend": 4855.49,
      "attributed_revenue": 5581.32,
      "ctr": 2.17,
      "cpc": 1.91,
      "roas": 1.15,
      "orders": 542,
      "new_customers": 110,
      "total_revenue": 52656.34,
      "gross_profit": 29570.46,
      "marketing_attribution": 10.6,
      "facebook_spend": 1255.41,
      "google_spend": 3421.69,
      "tiktok_spend": 178.39,
      "facebook_revenue": 1626.82,
      "google_revenue": 3059.17,
      "tiktok_revenue": 895.33
    },
    {
      "date": "2024-01-11",
      "impressions": 133743,
      "clicks": 3363,
      "spend": 6428.15,
      "attributed_revenue": 5985.46,
      "ctr": 2.515,
      "cpc": 1.91,
      "roas": 0.93,
      "orders": 495,
      "new_customers": 149,
      "total_revenue": 55896.02,
      "gross_profit": 28082.68,
      "marketing_attribution": 10.7,
      "facebook_spend": 1321.9,
      "google_spend": 4819.76,
      "tiktok_spend": 286.49,
      "facebook_revenue": 1969.98,
      "google_revenue": 3738.02,
      "tiktok_revenue": 277.46
    },
    {
      "date": "2024-01-12",
      "impressions": 131381,
      "clicks": 3120,
      "spend": 5957.4,
      "attributed_revenue": 6953.48,
      "ctr": 2.375,
      "cpc": 1.91,
      "roas": 1.17,
      "orders": 432,
      "new_customers": 134,
      "total_revenue": 38119.35,
      "gross_profit": 22016.41,
      "marketing_attribution": 18.2,
      "facebook_spend": 1239.19,
      "google_spend": 4146.89,
      "tiktok_spend": 571.32,
      "facebook_revenue": 866.83,
      "google_revenue": 4899.18,
      "tiktok_revenue": 1187.47
    },
    {
      "date": "2024-01-13",
      "impressions": 122650,
      "clicks": 2526,
      "spend": 3839.12,
      "attributed_revenue": 4889.29,
      "ctr": 2.06,
      "cpc": 1.52,
      "roas": 1.27,
      "orders": 526,
      "new_customers": 142,
      "total_revenue": 12206.4,
      "gross_profit": 6767.18,
      "marketing_attribution": 40.1,
      "facebook_spend": 1117.64,
      "google_spend": 2224.21,
      "tiktok_spend": 497.27,
      "facebook_revenue": 1092.8,
      "google_revenue": 2648.12,
      "tiktok_revenue": 1148.37
    },
    {
      "date": "2024-01-14",
      "impressions": 132931,
      "clicks": 3219,
      "spend": 6172.76,
      "attributed_revenue": 6060.19,
      "ctr": 2.422,
      "cpc": 1.92,
      "roas": 0.98,
      "orders": 611,
      "new_customers": 154,
      "total_revenue": 35617.76,
      "gross_profit": 20098.73,
      "marketing_attribution": 17.0,
      "facebook_spend": 1051.2,
      "google_spend": 4888.58,
      "tiktok_spend": 232.98,
      "facebook_revenue": 1942.76,
      "google_revenue": 3619.05,
      "tiktok_revenue": 498.38
    },
    {
      "date": "2024-01-15",
      "impressions": 166121,
      "clicks": 4367,
      "spend": 6908.38,
      "attributed_revenue": 7886.71,
      "ctr": 2.629,
      "cpc": 1.58,
      "roas": 1.14,
      "orders": 464,
      "new_customers": 136,
      "total_revenue": 35318.75,
      "gross_profit": 19832.76,
      "marketing_attribution": 22.3,
      "facebook_spend": 2093.23,
      "google_spend": 4317.23,
      "tiktok_spend": 497.92,
      "facebook_revenue": 1952.22,
      "google_revenue": 4855.19,
      "tiktok_revenue": 1079.3
    },
    {
      "date": "2024-01-16",
      "impressions": 100035,
      "clicks": 3364,
      "spend": 6430.46,
      "attributed_revenue": 6990.52,
      "ctr": 3.363,
      "cpc": 1.91,
      "roas": 1.09,
      "orders": 534,
      "new_customers": 125,
      "total_revenue": 27776.67,
      "gross_profit": 16421.72,
      "marketing_attribution": 25.2,
      "facebook_spend": 719.02,
      "google_spend": 5642.28,
      "tiktok_spend": 69.16,
      "facebook_revenue": 924.19,
      "google_revenue": 6066.33,
      "tiktok_revenue": 0.0
    },
    {
      "date": "2024-01-17",
      "impressions": 164566,
      "clicks": 3291,
      "spend": 5500.28,
      "attributed_revenue": 6091.14,
      "ctr": 2.0,
      "cpc": 1.67,
      "roas": 1.11,
      "orders": 455,
      "new_customers": 153,
      "total_revenue": 15586.44,
      "gross_profit": 9270.96,
      "marketing_attribution": 39.1,
      "facebook_spend": 1827.6,
      "google_spend": 2991.99,
      "tiktok_spend": 680.69,
      "facebook_revenue": 2233.58,
      "google_revenue": 2988.09,
      "tiktok_revenue": 869.47
    },
    {
      "date": "2024-01-18",
      "impressions": 177662,
      "clicks": 3895,
      "spend": 6142.36,
      "attributed_revenue": 9543.58,
      "ctr": 2.192,
      "cpc": 1.58,
      "roas": 1.55,
      "orders": 468,
      "new_customers": 122,
      "total_revenue": 50373.22,
      "gross_profit": 29408.4,
      "marketing_attribution": 18.9,
      "facebook_spend": 1657.38,
      "google_spend": 4167.64,
      "tiktok_spend": 317.34,
      "facebook_revenue": 1046.63,
      "google_revenue": 7660.46,
      "tiktok_revenue": 836.49
    },
    {
      "date": "2024-01-19",
      "impressions": 132732,
      "clicks": 3296,
      "spend": 4693.14,
      "attributed_revenue": 7258.79,
      "ctr": 2.483,
      "cpc": 1.42,
      "roas": 1.55,
      "orders": 478,
      "new_customers": 165,
      "total_revenue": 23897.02,
      "gross_profit": 13255.17,
      "marketing_attribution": 30.4,
      "facebook_spend": 1487.0,
      "google_spend": 2232.34,
      "tiktok_spend": 973.8,
      "facebook_revenue": 1866.32,
      "google_revenue": 4314.54,
      "tiktok_revenue": 1077.93
    },
    {
      "date": "2024-01-20",
      "impressions": 109169,
      "clicks": 3639,
      "spend": 5822.03,
      "attributed_revenue": 6991.06,
      "ctr": 3.333,
      "cpc": 1.6,
      "roas": 1.2,
      "orders": 613,
      "new_customers": 144,
      "total_revenue": 38319.22,
      "gross_profit": 23528.87,
      "marketing_attribution": 18.2,
      "facebook_spend": 2151.67,
      "google_spend": 3414.21,
      "tiktok_spend": 256.15,
      "facebook_revenue": 2227.41,
      "google_revenue": 4650.59,
      "tiktok_revenue": 113.06
    },
    {
      "date": "2024-01-21",
      "impressions": 130703,
      "clicks": 2829,
      "spend": 4581.83,
      "attributed_revenue": 7060.29,
      "ctr": 2.164,
      "cpc": 1.62,
      "roas": 1.54,
      "orders": 651,
      "new_customers": 160,
      "total_revenue": 50634.2,
      "gross_profit": 29448.25,
      "marketing_attribution": 13.9,
      "facebook_spend": 1645.32,
      "google_spend": 2642.77,
      "tiktok_spend": 293.74,
      "facebook_revenue": 3188.61,
      "google_revenue": 3351.3,
      "tiktok_revenue": 520.38
    },
    {
      "date": "2024-01-22",
      "impressions": 145953,
      "clicks": 3972,
      "spend": 7056.61,
      "attributed_revenue": 6879.16,
      "ctr": 2.721,
      "cpc": 1.78,
      "roas": 0.97,
      "orders": 515,
      "new_customers": 139,
      "total_revenue": 31111.46,
      "gross_profit": 14616.98,
      "marketing_attribution": 22.1,
      "facebook_spend": 1094.77,
      "google_spend": 5512.29,
      "tiktok_spend": 449.55,
      "facebook_revenue": 1650.79,
      "google_revenue": 4711.57,
      "tiktok_revenue": 516.8
    },
    {
      "date": "2024-01-23",
      "impressions": 124992,
      "clicks": 3197,
      "spend": 6318.72,
      "attributed_revenue": 8060.79,
      "ctr": 2.558,
      "cpc": 1.98,
      "roas": 1.28,
      "orders": 571,
      "new_customers": 135,
      "total_revenue": 49349.89,
      "gross_profit": 23557.06,
      "marketing_attribution": 16.3,
      "facebook_spend": 950.53,
      "google_spend": 4755.28,
      "tiktok_spend": 612.91,
      "facebook_revenue": 1176.74,
      "google_revenue": 6499.46,
      "tiktok_revenue": 384.59
    },
    {
      "date": "2024-01-24",
      "impressions": 123289,
      "clicks": 2849,
      "spend": 5195.98,
      "attributed_revenue": 5250.88,
      "ctr": 2.311,
      "cpc": 1.82,
      "roas": 1.01,
      "orders": 472,
      "new_customers": 132,
      "total_revenue": 45731.36,
      "gross_profit": 24378.75,
      "marketing_attribution": 11.5,
      "facebook_spend": 1974.06,
      "google_spend": 2878.61,
      "tiktok_spend": 343.31,
      "facebook_revenue": 1820.9,
      "google_revenue": 2664.88,
      "tiktok_revenue": 765.1
    },
    {
      "date": "2024-01-25",
      "impressions": 141759,
      "clicks": 3531,
      "spend": 4632.94,
      "attributed_revenue": 5655.55,
      "ctr": 2.491,
      "cpc": 1.31,
      "roas": 1.22,
      "orders": 386,
      "new_customers": 108,
      "total_revenue": 35540.11,
      "gross_profit": 22458.8,
      "marketing_attribution": 15.9,
      "facebook_spend": 1293.68,
      "google_spend": 2626.07,
      "tiktok_spend": 713.19,
      "facebook_revenue": 1521.49,
      "google_revenue": 3256.54,
      "tiktok_revenue": 877.52
    },
    {
      "date": "2024-01-26",
      "impressions": 135989,
      "clicks": 3486,
      "spend": 6951.2,
      "attributed_revenue": 8325.03,
      "ctr": 2.563,
      "cpc": 1.99,
      "roas": 1.2,
      "orders": 541,
      "new_customers": 130,
      "total_revenue": 43549.99,
      "gross_profit": 22785.03,
      "marketing_attribution": 19.1,
      "facebook_spend": 1687.8,
      "google_spend": 4562.37,
      "tiktok_spend": 701.03,
      "facebook_revenue": 1807.65,
      "google_revenue": 5811.25,
      "tiktok_revenue": 706.13
    },
    {
      "date": "2024-01-27",
      "impressions": 152498,
      "clicks": 3776,
      "spend": 7330.68,
      "attributed_revenue": 6672.37,
      "ctr": 2.476,
      "cpc": 1.94,
      "roas": 0.91,
      "orders": 670,
      "new_customers": 182,
      "total_revenue": 50535.72,
      "gross_profit": 26441.42,
      "marketing_attribution": 13.2,
      "facebook_spend": 1607.42,
      "google_spend": 5019.02,
      "tiktok_spend": 704.24,
      "facebook_revenue": 1902.42,
      "google_revenue": 3920.64,
      "tiktok_revenue": 849.31
    },
    {
      "date": "2024-01-28",
      "impressions": 163140,
      "clicks": 3885,
      "spend": 5326.55,
      "attributed_revenue": 10612.0,
      "ctr": 2.381,
      "cpc": 1.37,
      "roas": 1.99,
      "orders": 558,
      "new_customers": 164,
      "total_revenue": 18170.74,
      "gross_profit": 10231.84,
      "marketing_attribution": 58.4,
      "facebook_spend": 1266.7,
      "google_spend": 3298.88,
      "tiktok_spend": 760.97,
      "facebook_revenue": 3393.15,
      "google_revenue": 5706.45,
      "tiktok_revenue": 1512.4
    },
    {
      "date": "2024-01-29",
      "impressions": 105689,
      "clicks": 2372,
      "spend": 4968.92,
      "attributed_revenue": 5499.35,
      "ctr": 2.244,
      "cpc": 2.09,
      "roas": 1.11,
      "orders": 526,
      "new_customers": 125,
      "total_revenue": 24736.11,
      "gross_profit": 12155.24,
      "marketing_attribution": 22.2,
      "facebook_spend": 1573.88,
      "google_spend": 3125.03,
      "tiktok_spend": 270.01,
      "facebook_revenue": 2056.35,
      "google_revenue": 2709.19,
      "tiktok_revenue": 733.81
    },
    {
      "date": "2024-01-30",
      "impressions": 131974,
      "clicks": 3233,
      "spend": 6485.26,
      "attributed_revenue": 5313.61,
      "ctr": 2.45,
      "cpc": 2.01,
      "roas": 0.82,
      "orders": 545,
      "new_customers": 138,
      "total_revenue": 33350.04,
      "gross_profit": 17884.12,
      "marketing_attribution": 15.9,
      "facebook_spend": 862.63,
      "google_spend": 4974.91,
      "tiktok_spend": 647.72,
      "facebook_revenue": 930.54,
      "google_revenue": 3309.3,
      "tiktok_revenue": 1073.77
    },
    {
      "date": "2024-01-31",
      "impressions": 129536,
      "clicks": 3568,
      "spend": 4909.83,
      "attributed_revenue": 5374.03,
      "ctr": 2.754,
      "cpc": 1.38,
      "roas": 1.09,
      "orders": 572,
      "new_customers": 161,
      "total_revenue": 11440.0,
      "gross_profit": 5119.14,
      "marketing_attribution": 47.0,
      "facebook_spend": 1084.2,
      "google_spend": 3317.35,
      "tiktok_spend": 508.28,
      "facebook_revenue": 1215.87,
      "google_revenue": 3362.08,
      "tiktok_revenue": 796.08
    },
    {
      "date": "2024-02-01",
      "impressions": 164007,
      "clicks": 3591,
      "spend": 5922.7,
      "attributed_revenue": 7218.42,
      "ctr": 2.19,
      "cpc": 1.65,
      "roas": 1.22,
      "orders": 480,
      "new_customers": 174,
      "total_revenue": 47708.78,
      "gross_profit": 27984.38,
      "marketing_attribution": 15.1,
      "facebook_spend": 1147.6,
      "google_spend": 4278.27,
      "tiktok_spend": 496.83,
      "facebook_revenue": 1159.49,
      "google_revenue": 4834.78,
      "tiktok_revenue": 1224.15
    },
    {
      "date": "2024-02-02",
      "impressions": 106055,
      "clicks": 2612,
      "spend": 4302.55,
      "attributed_revenue": 4620.5,
      "ctr": 2.463,
      "cpc": 1.65,
      "roas": 1.07,
      "orders": 484,
      "new_customers": 166,
      "total_revenue": 37222.63,
      "gross_profit": 22255.46,
      "marketing_attribution": 12.4,
      "facebook_spend": 1490.59,
      "google_spend": 2445.88,
      "tiktok_spend": 366.08,
      "facebook_revenue": 2042.39,
      "google_revenue": 2017.81,
      "tiktok_revenue": 560.3
    },
    {
      "date": "2024-02-03",
      "impressions": 133674,
      "clicks": 3577,
      "spend": 7019.99,
      "attributed_revenue": 5663.39,
      "ctr": 2.676,
      "cpc": 1.96,
      "roas": 0.81,
      "orders": 694,
      "new_customers": 187,
      "total_revenue": 47123.23,
      "gross_profit": 29991.45,
      "marketing_attribution": 12.0,
      "facebook_spend": 1571.67,
      "google_spend": 4927.25,
      "tiktok_spend": 521.07,
      "facebook_revenue": 1380.72,
      "google_revenue": 3845.83,
      "tiktok_revenue": 436.84
    },
    {
      "date": "2024-02-04",
      "impressions": 167459,
      "clicks": 3886,
      "spend": 6479.6,
      "attributed_revenue": 6779.13,
      "ctr": 2.321,
      "cpc": 1.67,
      "roas": 1.05,
      "orders": 726,
      "new_customers": 175,
      "total_revenue": 70663.35,
      "gross_profit": 32354.76,
      "marketing_attribution": 9.6,
      "facebook_spend": 2289.58,
      "google_spend": 3578.85,
      "tiktok_spend": 611.17,
      "facebook_revenue": 2429.82,
      "google_revenue": 3299.9,
      "tiktok_revenue": 1049.41
    },
    {
      "date": "2024-02-05",
      "impressions": 114172,
      "clicks": 2569,
      "spend": 3991.32,
      "attributed_revenue": 5095.06,
      "ctr": 2.25,
      "cpc": 1.55,
      "roas": 1.28,
      "orders": 539,
      "new_customers": 134,
      "total_revenue": 68985.85,
      "gross_profit": 33113.18,
      "marketing_attribution": 7.4,
      "facebook_spend": 907.66,
      "google_spend": 2630.23,
      "tiktok_spend": 453.43,
      "facebook_revenue": 996.24,
      "google_revenue": 3127.71,
      "tiktok_revenue": 971.11
    },
    {
      "date": "2024-02-06",
      "impressions": 125431,
      "clicks": 2956,
      "spend": 5136.01,
      "attributed_revenue": 5715.54,
      "ctr": 2.357,
      "cpc": 1.74,
      "roas": 1.11,
      "orders": 549,
      "new_customers": 145,
      "total_revenue": 45693.61,
      "gross_profit": 27980.12,
      "marketing_attribution": 12.5,
      "facebook_spend": 1803.13,
      "google_spend": 2977.23,
      "tiktok_spend": 355.65,
      "facebook_revenue": 1985.64,
      "google_revenue": 2624.34,
      "tiktok_revenue": 1105.56
    },
    {
      "date": "2024-02-07",
      "impressions": 184020,
      "clicks": 4515,
      "spend": 7803.23,
      "attributed_revenue": 9149.48,
      "ctr": 2.454,
      "cpc": 1.73,
      "roas": 1.17,
      "orders": 496,
      "new_customers": 164,
      "total_revenue": 36996.46,
      "gross_profit": 18591.06,
      "marketing_attribution": 24.7,
      "facebook_spend": 1940.7,
      "google_spend": 4875.27,
      "tiktok_spend": 987.26,
      "facebook_revenue": 2233.1,
      "google_revenue": 5391.05,
      "tiktok_revenue": 1525.33
    },
    {
      "date": "2024-02-08",
      "impressions": 138012,
      "clicks": 2764,
      "spend": 5108.04,
      "attributed_revenue": 4846.78,
      "ctr": 2.003,
      "cpc": 1.85,
      "roas": 0.95,
      "orders": 468,
      "new_customers": 145,
      "total_revenue": 40685.8,
      "gross_profit": 26461.03,
      "marketing_attribution": 11.9,
      "facebook_spend": 1228.09,
      "google_spend": 3316.51,
      "tiktok_spend": 563.44,
      "facebook_revenue": 2206.95,
      "google_revenue": 1982.25,
      "tiktok_revenue": 657.58
    },
    {
      "date": "2024-02-09",
      "impressions": 177382,
      "clicks": 4487,
      "spend": 9187.45,
      "attributed_revenue": 10105.13,
      "ctr": 2.53,
      "cpc": 2.05,
      "roas": 1.1,
      "orders": 534,
      "new_customers": 148,
      "total_revenue": 10680.0,
      "gross_profit": 5204.89,
      "marketing_attribution": 94.6,
      "facebook_spend": 1300.4,
      "google_spend": 6981.85,
      "tiktok_spend": 905.2,
      "facebook_revenue": 1399.85,
      "google_revenue": 7756.95,
      "tiktok_revenue": 948.33
    },
    {
      "date": "2024-02-10",
      "impressions": 164974,
      "clicks": 3599,
      "spend": 6619.9,
      "attributed_revenue": 6788.85,
      "ctr": 2.182,
      "cpc": 1.84,
      "roas": 1.03,
      "orders": 659,
      "new_customers": 135,
      "total_revenue": 72115.45,
      "gross_profit": 41121.23,
      "marketing_attribution": 9.4,
      "facebook_spend": 1013.89,
      "google_spend": 5111.26,
      "tiktok_spend": 494.75,
      "facebook_revenue": 657.26,
      "google_revenue": 5496.77,
      "tiktok_revenue": 634.82
    },
    {
      "date": "2024-02-11",
      "impressions": 176405,
      "clicks": 4037,
      "spend": 6572.07,
      "attributed_revenue": 7217.02,
      "ctr": 2.288,
      "cpc": 1.63,
      "roas": 1.1,
      "orders": 699,
      "new_customers": 200,
      "total_revenue": 58782.23,
      "gross_profit": 29629.03,
      "marketing_attribution": 12.3,
      "facebook_spend": 1580.54,
      "google_spend": 4286.06,
      "tiktok_spend": 705.47,
      "facebook_revenue": 2042.1,
      "google_revenue": 4027.06,
      "tiktok_revenue": 1147.86
    },
    {
      "date": "2024-02-12",
      "impressions": 149748,
      "clicks": 3942,
      "spend": 5971.2,
      "attributed_revenue": 9185.93,
      "ctr": 2.632,
      "cpc": 1.51,
      "roas": 1.54,
      "orders": 586,
      "new_customers": 164,
      "total_revenue": 22691.8,
      "gross_profit": 11832.89,
      "marketing_attribution": 40.5,
      "facebook_spend": 1351.1,
      "google_spend": 3726.86,
      "tiktok_spend": 893.24,
      "facebook_revenue": 1718.35,
      "google_revenue": 4501.93,
      "tiktok_revenue": 2965.65
    },
    {
      "date": "2024-02-13",
      "impressions": 137054,
      "clicks": 3337,
      "spend": 5621.67,
      "attributed_revenue": 9110.99,
      "ctr": 2.435,
      "cpc": 1.68,
      "roas": 1.62,
      "orders": 624,
      "new_customers": 166,
      "total_revenue": 66607.4,
      "gross_profit": 39084.05,
      "marketing_attribution": 13.7,
      "facebook_spend": 1345.05,
      "google_spend": 3793.7,
      "tiktok_spend": 482.92,
      "facebook_revenue": 2843.03,
      "google_revenue": 5793.86,
      "tiktok_revenue": 474.1
    },
    {
      "date": "2024-02-14",
      "impressions": 135367,
      "clicks": 3383,
      "spend": 5323.69,
      "attributed_revenue": 8383.8,
      "ctr": 2.499,
      "cpc": 1.57,
      "roas": 1.57,
      "orders": 599,
      "new_customers": 185,
      "total_revenue": 45536.53,
      "gross_profit": 25220.05,
      "marketing_attribution": 18.4,
      "facebook_spend": 1262.14,
      "google_spend": 3852.26,
      "tiktok_spend": 209.29,
      "facebook_revenue": 2247.36,
      "google_revenue": 5641.07,
      "tiktok_revenue": 495.37
    },
    {
      "date": "2024-02-15",
      "impressions": 152040,
      "clicks": 3250,
      "spend": 5234.34,
      "attributed_revenue": 6299.17,
      "ctr": 2.138,
      "cpc": 1.61,
      "roas": 1.2,
      "orders": 602,
      "new_customers": 202,
      "total_revenue": 52589.88,
      "gross_profit": 28990.6,
      "marketing_attribution": 12.0,
      "facebook_spend": 2311.52,
      "google_spend": 2647.31,
      "tiktok_spend": 275.51,
      "facebook_revenue": 2788.16,
      "google_revenue": 3141.86,
      "tiktok_revenue": 369.15
    },
    {
      "date": "2024-02-16",
      "impressions": 127235,
      "clicks": 3543,
      "spend": 5931.34,
      "attributed_revenue": 6809.69,
      "ctr": 2.785,
      "cpc": 1.67,
      "roas": 1.15,
      "orders": 639,
      "new_customers": 120,
      "total_revenue": 45548.56,
      "gross_profit": 24542.28,
      "marketing_attribution": 15.0,
      "facebook_spend": 1851.0,
      "google_spend": 3956.37,
      "tiktok_spend": 123.97,
      "facebook_revenue": 1379.15,
      "google_revenue": 4977.85,
      "tiktok_revenue": 452.69
    },
    {
      "date": "2024-02-17",
      "impressions": 177188,
      "clicks": 4559,
      "spend": 7195.89,
      "attributed_revenue": 7821.25,
      "ctr": 2.573,
      "cpc": 1.58,
      "roas": 1.09,
      "orders": 679,
      "new_customers": 169,
      "total_revenue": 70946.12,
      "gross_profit": 42737.49,
      "marketing_attribution": 11.0,
      "facebook_spend": 2095.44,
      "google_spend": 4414.36,
      "tiktok_spend": 686.09,
      "facebook_revenue": 2909.58,
      "google_revenue": 3964.06,
      "tiktok_revenue": 947.61
    },
    {
      "date": "2024-02-18",
      "impressions": 156960,
      "clicks": 3762,
      "spend": 6100.32,
      "attributed_revenue": 6958.13,
      "ctr": 2.397,
      "cpc": 1.62,
      "roas": 1.14,
      "orders": 700,
      "new_customers": 177,
      "total_revenue": 43174.02,
      "gross_profit": 23262.56,
      "marketing_attribution": 16.1,
      "facebook_spend": 1652.35,
      "google_spend": 3582.2,
      "tiktok_spend": 865.77,
      "facebook_revenue": 2362.21,
      "google_revenue": 3405.38,
      "tiktok_revenue": 1190.54
    },
    {
      "date": "2024-02-19",
      "impressions": 147952,
      "clicks": 2736,
      "spend": 4286.95,
      "attributed_revenue": 5020.77,
      "ctr": 1.849,
      "cpc": 1.57,
      "roas": 1.17,
      "orders": 480,
      "new_customers": 165,
      "total_revenue": 47548.49,
      "gross_profit": 26368.71,
      "marketing_attribution": 10.6,
      "facebook_spend": 1953.54,
      "google_spend": 2033.87,
      "tiktok_spend": 299.54,
      "facebook_revenue": 2206.62,
      "google_revenue": 1864.03,
      "tiktok_revenue": 950.12
    },
    {
      "date": "2024-02-20",
      "impressions": 157726,
      "clicks": 4015,
      "spend": 7582.48,
      "attributed_revenue": 8577.81,
      "ctr": 2.546,
      "cpc": 1.89,
      "roas": 1.13,
      "orders": 595,
      "new_customers": 150,
      "total_revenue": 52440.87,
      "gross_profit": 33046.08,
      "marketing_attribution": 16.4,
      "facebook_spend": 1274.89,
      "google_spend": 5699.96,
      "tiktok_spend": 607.63,
      "facebook_revenue": 1849.28,
      "google_revenue": 5365.34,
      "tiktok_revenue": 1363.19
    },
    {
      "date": "2024-02-21",
      "impressions": 127610,
      "clicks": 3081,
      "spend": 4992.09,
      "attributed_revenue": 6899.78,
      "ctr": 2.414,
      "cpc": 1.62,
      "roas": 1.38,
      "orders": 579,
      "new_customers": 141,
      "total_revenue": 48460.38,
      "gross_profit": 24765.44,
      "marketing_attribution": 14.2,
      "facebook_spend": 1193.62,
      "google_spend": 3470.78,
      "tiktok_spend": 327.69,
      "facebook_revenue": 1783.47,
      "google_revenue": 3612.51,
      "tiktok_revenue": 1503.8
    },
    {
      "date": "2024-02-22",
      "impressions": 119807,
      "clicks": 3259,
      "spend": 5493.22,
      "attributed_revenue": 5979.4,
      "ctr": 2.72,
      "cpc": 1.69,
      "roas": 1.09,
      "orders": 637,
      "new_customers": 177,
      "total_revenue": 31620.54,
      "gross_profit": 17975.66,
      "marketing_attribution": 18.9,
      "facebook_spend": 895.5,
      "google_spend": 3529.01,
      "tiktok_spend": 1068.71,
      "facebook_revenue": 535.65,
      "google_revenue": 4319.24,
      "tiktok_revenue": 1124.51
    },
    {
      "date": "2024-02-23",
      "impressions": 170731,
      "clicks": 4091,
      "spend": 7774.5,
      "attributed_revenue": 11299.78,
      "ctr": 2.396,
      "cpc": 1.9,
      "roas": 1.45,
      "orders": 548,
      "new_customers": 160,
      "total_revenue": 63596.26,
      "gross_profit": 37003.45,
      "marketing_attribution": 17.8,
      "facebook_spend": 1605.71,
      "google_spend": 5396.46,
      "tiktok_spend": 772.33,
      "facebook_revenue": 2514.52,
      "google_revenue": 7079.92,
      "tiktok_revenue": 1705.34
    },
    {
      "date": "2024-02-24",
      "impressions": 138661,
      "clicks": 3258,
      "spend": 5011.29,
      "attributed_revenue": 5775.58,
      "ctr": 2.35,
      "cpc": 1.54,
      "roas": 1.15,
      "orders": 738,
      "new_customers": 200,
      "total_revenue": 62029.91,
      "gross_profit": 35989.39,
      "marketing_attribution": 9.3,
      "facebook_spend": 1028.96,
      "google_spend": 3386.37,
      "tiktok_spend": 595.96,
      "facebook_revenue": 1573.83,
      "google_revenue": 3395.44,
      "tiktok_revenue": 806.31
    },
    {
      "date": "2024-02-25",
      "impressions": 178538,
      "clicks": 3480,
      "spend": 4831.86,
      "attributed_revenue": 5241.94,
      "ctr": 1.949,
      "cpc": 1.39,
      "roas": 1.08,
      "orders": 784,
      "new_customers": 196,
      "total_revenue": 58695.31,
      "gross_profit": 31690.01,
      "marketing_attribution": 8.9,
      "facebook_spend": 1106.14,
      "google_spend": 2836.79,
      "tiktok_spend": 888.93,
      "facebook_revenue": 1363.66,
      "google_revenue": 2540.38,
      "tiktok_revenue": 1337.9
    },
    {
      "date": "2024-02-26",
      "impressions": 106631,
      "clicks": 2537,
      "spend": 4375.05,
      "attributed_revenue": 4975.02,
      "ctr": 2.379,
      "cpc": 1.72,
      "roas": 1.14,
      "orders": 585,
      "new_customers": 161,
      "total_revenue": 63778.27,
      "gross_profit": 34998.43,
      "marketing_attribution": 7.8,
      "facebook_spend": 1185.67,
      "google_spend": 2803.84,
      "tiktok_spend": 385.54,
      "facebook_revenue": 1312.18,
      "google_revenue": 3342.34,
      "tiktok_revenue": 320.5
    },
    {
      "date": "2024-02-27",
      "impressions": 170505,
      "clicks": 4090,
      "spend": 6731.88,
      "attributed_revenue": 6689.52,
      "ctr": 2.399,
      "cpc": 1.65,
      "roas": 0.99,
      "orders": 637,
      "new_customers": 191,
      "total_revenue": 42818.25,
      "gross_profit": 22621.32,
      "marketing_attribution": 15.6,
      "facebook_spend": 1048.69,
      "google_spend": 4648.46,
      "tiktok_spend": 1034.73,
      "facebook_revenue": 988.71,
      "google_revenue": 3703.6,
      "tiktok_revenue": 1997.21
    },
    {
      "date": "2024-02-28",
      "impressions": 184474,
      "clicks": 4473,
      "spend": 6939.36,
      "attributed_revenue": 7485.81,
      "ctr": 2.425,
      "cpc": 1.55,
      "roas": 1.08,
      "orders": 563,
      "new_customers": 194,
      "total_revenue": 56795.0,
      "gross_profit": 29892.43,
      "marketing_attribution": 13.2,
      "facebook_spend": 2222.75,
      "google_spend": 3489.14,
      "tiktok_spend": 1227.47,
      "facebook_revenue": 3505.83,
      "google_revenue": 2310.15,
      "tiktok_revenue": 1669.83
    },
    {
      "date": "2024-02-29",
      "impressions": 159239,
      "clicks": 4114,
      "spend": 7834.34,
      "attributed_revenue": 8370.24,
      "ctr": 2.584,
      "cpc": 1.9,
      "roas": 1.07,
      "orders": 684,
      "new_customers": 135,
      "total_revenue": 63706.45,
      "gross_profit": 33157.86,
      "marketing_attribution": 13.1,
      "facebook_spend": 1764.79,
      "google_spend": 4778.37,
      "tiktok_spend": 1291.18,
      "facebook_revenue": 2216.14,
      "google_revenue": 4201.51,
      "tiktok_revenue": 1952.59
    },
    {
      "date": "2024-03-01",
      "impressions": 146930,
      "clicks": 3633,
      "spend": 7879.44,
      "attributed_revenue": 9338.49,
      "ctr": 2.473,
      "cpc": 2.17,
      "roas": 1.19,
      "orders": 607,
      "new_customers": 190,
      "total_revenue": 30722.33,
      "gross_profit": 14942.96,
      "marketing_attribution": 30.4,
      "facebook_spend": 939.24,
      "google_spend": 6806.93,
      "tiktok_spend": 133.27,
      "facebook_revenue": 1410.01,
      "google_revenue": 7650.94,
      "tiktok_revenue": 277.54
    },
    {
      "date": "2024-03-02",
      "impressions": 141938,
      "clicks": 3304,
      "spend": 4538.77,
      "attributed_revenue": 4820.56,
      "ctr": 2.328,
      "cpc": 1.37,
      "roas": 1.06,
      "orders": 746,
      "new_customers": 227,
      "total_revenue": 79510.34,
      "gross_profit": 49084.52,
      "marketing_attribution": 6.1,
      "facebook_spend": 1354.49,
      "google_spend": 2646.9,
      "tiktok_spend": 537.38,
      "facebook_revenue": 1560.39,
      "google_revenue": 2592.49,
      "tiktok_revenue": 667.68
    },
    {
      "date": "2024-03-03",
      "impressions": 152609,
      "clicks": 4001,
      "spend": 7274.8,
      "attributed_revenue": 8823.47,
      "ctr": 2.622,
      "cpc": 1.82,
      "roas": 1.21,
      "orders": 697,
      "new_customers": 187,
      "total_revenue": 54862.61,
      "gross_profit": 30148.63,
      "marketing_attribution": 16.1,
      "facebook_spend": 1751.11,
      "google_spend": 4453.16,
      "tiktok_spend": 1070.53,
      "facebook_revenue": 1792.59,
      "google_revenue": 5416.24,
      "tiktok_revenue": 1614.64
    },
    {
      "date": "2024-03-04",
      "impressions": 142756,
      "clicks": 4056,
      "spend": 7209.82,
      "attributed_revenue": 9399.85,
      "ctr": 2.841,
      "cpc": 1.78,
      "roas": 1.3,
      "orders": 677,
      "new_customers": 141,
      "total_revenue": 35218.27,
      "gross_profit": 16565.56,
      "marketing_attribution": 26.7,
      "facebook_spend": 2101.87,
      "google_spend": 4920.98,
      "tiktok_spend": 186.97,
      "facebook_revenue": 2444.83,
      "google_revenue": 5965.5,
      "tiktok_revenue": 989.52
    },
    {
      "date": "2024-03-05",
      "impressions": 180741,
      "clicks": 3874,
      "spend": 5413.61,
      "attributed_revenue": 7605.29,
      "ctr": 2.143,
      "cpc": 1.4,
      "roas": 1.4,
      "orders": 618,
      "new_customers": 194,
      "total_revenue": 52593.7,
      "gross_profit": 33285.55,
      "marketing_attribution": 14.5,
      "facebook_spend": 2111.83,
      "google_spend": 2869.89,
      "tiktok_spend": 431.89,
      "facebook_revenue": 2570.9,
      "google_revenue": 4229.64,
      "tiktok_revenue": 804.75
    },
    {
      "date": "2024-03-06",
      "impressions": 197324,
      "clicks": 5100,
      "spend": 8708.51,
      "attributed_revenue": 8668.54,
      "ctr": 2.585,
      "cpc": 1.71,
      "roas": 1.0,
      "orders": 603,
      "new_customers": 206,
      "total_revenue": 57073.28,
      "gross_profit": 24962.98,
      "marketing_attribution": 15.2,
      "facebook_spend": 2220.3,
      "google_spend": 5876.9,
      "tiktok_spend": 611.31,
      "facebook_revenue": 2295.62,
      "google_revenue": 5259.61,
      "tiktok_revenue": 1113.31
    },
    {
      "date": "2024-03-07",
      "impressions": 163068,
      "clicks": 3620,
      "spend": 5694.93,
      "attributed_revenue": 6495.41,
      "ctr": 2.22,
      "cpc": 1.57,
      "roas": 1.14,
      "orders": 739,
      "new_customers": 163,
      "total_revenue": 66510.91,
      "gross_profit": 35780.01,
      "marketing_attribution": 9.8,
      "facebook_spend": 1961.09,
      "google_spend": 3137.89,
      "tiktok_spend": 595.95,
      "facebook_revenue": 3243.4,
      "google_revenue": 2290.13,
      "tiktok_revenue": 961.88
    },
    {
      "date": "2024-03-08",
      "impressions": 119686,
      "clicks": 3365,
      "spend": 6209.92,
      "attributed_revenue": 4239.59,
      "ctr": 2.812,
      "cpc": 1.85,
      "roas": 0.68,
      "orders": 638,
      "new_customers": 144,
      "total_revenue": 54603.39,
      "gross_profit": 28830.37,
      "marketing_attribution": 7.8,
      "facebook_spend": 1668.49,
      "google_spend": 4110.98,
      "tiktok_spend": 430.45,
      "facebook_revenue": 1315.93,
      "google_revenue": 2570.34,
      "tiktok_revenue": 353.32
    },
    {
      "date": "2024-03-09",
      "impressions": 173600,
      "clicks": 4043,
      "spend": 6100.19,
      "attributed_revenue": 7714.43,
      "ctr": 2.329,
      "cpc": 1.51,
      "roas": 1.26,
      "orders": 711,
      "new_customers": 195,
      "total_revenue": 56273.96,
      "gross_profit": 38701.66,
      "marketing_attribution": 13.7,
      "facebook_spend": 2843.55,
      "google_spend": 3142.32,
      "tiktok_spend": 114.32,
      "facebook_revenue": 4929.53,
      "google_revenue": 2226.4,
      "tiktok_revenue": 558.5
    },
    {
      "date": "2024-03-10",
      "impressions": 133297,
      "clicks": 3108,
      "spend": 4672.83,
      "attributed_revenue": 6979.58,
      "ctr": 2.332,
      "cpc": 1.5,
      "roas": 1.49,
      "orders": 750,
      "new_customers": 178,
      "total_revenue": 84486.45,
      "gross_profit": 52212.15,
      "marketing_attribution": 8.3,
      "facebook_spend": 1874.26,
      "google_spend": 2305.89,
      "tiktok_spend": 492.68,
      "facebook_revenue": 3146.87,
      "google_revenue": 2610.66,
      "tiktok_revenue": 1222.05
    },
    {
      "date": "2024-03-11",
      "impressions": 179650,
      "clicks": 4710,
      "spend": 7596.75,
      "attributed_revenue": 7481.82,
      "ctr": 2.622,
      "cpc": 1.61,
      "roas": 0.98,
      "orders": 699,
      "new_customers": 154,
      "total_revenue": 47264.88,
      "gross_profit": 27601.95,
      "marketing_attribution": 15.8,
      "facebook_spend": 1544.55,
      "google_spend": 5363.77,
      "tiktok_spend": 688.43,
      "facebook_revenue": 1887.66,
      "google_revenue": 4709.25,
      "tiktok_revenue": 884.91
    },
    {
      "date": "2024-03-12",
      "impressions": 144156,
      "clicks": 3572,
      "spend": 5790.71,
      "attributed_revenue": 7680.91,
      "ctr": 2.478,
      "cpc": 1.62,
      "roas": 1.33,
      "orders": 595,
      "new_customers": 194,
      "total_revenue": 64717.84,
      "gross_profit": 37039.25,
      "marketing_attribution": 11.9,
      "facebook_spend": 1388.87,
      "google_spend": 3649.43,
      "tiktok_spend": 752.41,
      "facebook_revenue": 1878.2,
      "google_revenue": 3192.37,
      "tiktok_revenue": 2610.34
    },
    {
      "date": "2024-03-13",
      "impressions": 126098,
      "clicks": 3269,
      "spend": 5837.13,
      "attributed_revenue": 7270.46,
      "ctr": 2.592,
      "cpc": 1.79,
      "roas": 1.25,
      "orders": 671,
      "new_customers": 170,
      "total_revenue": 80691.03,
      "gross_profit": 50412.09,
      "marketing_attribution": 9.0,
      "facebook_spend": 1636.89,
      "google_spend": 4096.94,
      "tiktok_spend": 103.3,
      "facebook_revenue": 3565.99,
      "google_revenue": 3631.83,
      "tiktok_revenue": 72.64
    },
    {
      "date": "2024-03-14",
      "impressions": 141755,
      "clicks": 3860,
      "spend": 7490.31,
      "attributed_revenue": 8237.64,
      "ctr": 2.723,
      "cpc": 1.94,
      "roas": 1.1,
      "orders": 627,
      "new_customers": 201,
      "total_revenue": 55036.54,
      "gross_profit": 35197.27,
      "marketing_attribution": 15.0,
      "facebook_spend": 856.21,
      "google_spend": 6351.06,
      "tiktok_spend": 283.04,
      "facebook_revenue": 1485.89,
      "google_revenue": 6371.75,
      "tiktok_revenue": 380.0
    },
    {
      "date": "2024-03-15",
      "impressions": 182604,
      "clicks": 4395,
      "spend": 7724.16,
      "attributed_revenue": 6522.6,
      "ctr": 2.407,
      "cpc": 1.76,
      "roas": 0.84,
      "orders": 775,
      "new_customers": 205,
      "total_revenue": 89918.19,
      "gross_profit": 50087.46,
      "marketing_attribution": 7.3,
      "facebook_spend": 2021.2,
      "google_spend": 4816.57,
      "tiktok_spend": 886.39,
      "facebook_revenue": 1728.63,
      "google_revenue": 3977.42,
      "tiktok_revenue": 816.55
    },
    {
      "date": "2024-03-16",
      "impressions": 186686,
      "clicks": 4575,
      "spend": 7773.54,
      "attributed_revenue": 8466.35,
      "ctr": 2.451,
      "cpc": 1.7,
      "roas": 1.09,
      "orders": 725,
      "new_customers": 241,
      "total_revenue": 73793.1,
      "gross_profit": 46865.32,
      "marketing_attribution": 11.5,
      "facebook_spend": 2215.22,
      "google_spend": 4894.34,
      "tiktok_spend": 663.98,
      "facebook_revenue": 2167.12,
      "google_revenue": 5478.45,
      "tiktok_revenue": 820.78
    },
    {
      "date": "2024-03-17",
      "impressions": 134080,
      "clicks": 2714,
      "spend": 4606.81,
      "attributed_revenue": 3774.82,
      "ctr": 2.024,
      "cpc": 1.7,
      "roas": 0.82,
      "orders": 727,
      "new_customers": 228,
      "total_revenue": 66155.67,
      "gross_profit": 31755.9,
      "marketing_attribution": 5.7,
      "facebook_spend": 1633.26,
      "google_spend": 2582.59,
      "tiktok_spend": 390.96,
      "facebook_revenue": 1333.57,
      "google_revenue": 1869.46,
      "tiktok_revenue": 571.79
    },
    {
      "date": "2024-03-18",
      "impressions": 99592,
      "clicks": 2677,
      "spend": 4910.5,
      "attributed_revenue": 5594.97,
      "ctr": 2.688,
      "cpc": 1.83,
      "roas": 1.14,
      "orders": 661,
      "new_customers": 180,
      "total_revenue": 30118.76,
      "gross_profit": 17361.42,
      "marketing_attribution": 18.6,
      "facebook_spend": 837.35,
      "google_spend": 3820.63,
      "tiktok_spend": 252.52,
      "facebook_revenue": 426.4,
      "google_revenue": 4830.87,
      "tiktok_revenue": 337.7
    },
    {
      "date": "2024-03-19",
      "impressions": 127582,
      "clicks": 3457,
      "spend": 5104.76,
      "attributed_revenue": 7749.66,
      "ctr": 2.71,
      "cpc": 1.48,
      "roas": 1.52,
      "orders": 643,
      "new_customers": 205,
      "total_revenue": 52795.36,
      "gross_profit": 33032.26,
      "marketing_attribution": 14.7,
      "facebook_spend": 1610.79,
      "google_spend": 3073.38,
      "tiktok_spend": 420.59,
      "facebook_revenue": 2989.95,
      "google_revenue": 3871.42,
      "tiktok_revenue": 888.29
    },
    {
      "date": "2024-03-20",
      "impressions": 139957,
      "clicks": 3309,
      "spend": 6519.58,
      "attributed_revenue": 6533.74,
      "ctr": 2.364,
      "cpc": 1.97,
      "roas": 1.0,
      "orders": 662,
      "new_customers": 207,
      "total_revenue": 66393.97,
      "gross_profit": 36879.52,
      "marketing_attribution": 9.8,
      "facebook_spend": 1058.75,
      "google_spend": 5007.3,
      "tiktok_spend": 453.53,
      "facebook_revenue": 1477.3,
      "google_revenue": 3811.66,
      "tiktok_revenue": 1244.78
    },
    {
      "date": "2024-03-21",
      "impressions": 170674,
      "clicks": 3660,
      "spend": 6334.61,
      "attributed_revenue": 7355.57,
      "ctr": 2.144,
      "cpc": 1.73,
      "roas": 1.16,
      "orders": 702,
      "new_customers": 194,
      "total_revenue": 56007.52,
      "gross_profit": 28319.55,
      "marketing_attribution": 13.1,
      "facebook_spend": 566.15,
      "google_spend": 4782.8,
      "tiktok_spend": 985.66,
      "facebook_revenue": 1389.54,
      "google_revenue": 4963.4,
      "tiktok_revenue": 1002.63
    },
    {
      "date": "2024-03-22",
      "impressions": 221904,
      "clicks": 4509,
      "spend": 7905.13,
      "attributed_revenue": 7955.81,
      "ctr": 2.032,
      "cpc": 1.75,
      "roas": 1.01,
      "orders": 672,
      "new_customers": 150,
      "total_revenue": 39410.3,
      "gross_profit": 26045.68,
      "marketing_attribution": 20.2,
      "facebook_spend": 2379.65,
      "google_spend": 4735.02,
      "tiktok_spend": 790.46,
      "facebook_revenue": 2644.61,
      "google_revenue": 3837.83,
      "tiktok_revenue": 1473.37
    },
    {
      "date": "2024-03-23",
      "impressions": 125022,
      "clicks": 3085,
      "spend": 5966.47,
      "attributed_revenue": 5480.63,
      "ctr": 2.468,
      "cpc": 1.93,
      "roas": 0.92,
      "orders": 850,
      "new_customers": 232,
      "total_revenue": 81724.52,
      "gross_profit": 49526.74,
      "marketing_attribution": 6.7,
      "facebook_spend": 853.09,
      "google_spend": 4891.94,
      "tiktok_spend": 221.44,
      "facebook_revenue": 950.2,
      "google_revenue": 4223.51,
      "tiktok_revenue": 306.92
    },
    {
      "date": "2024-03-24",
      "impressions": 145073,
      "clicks": 3763,
      "spend": 6957.59,
      "attributed_revenue": 5236.69,
      "ctr": 2.594,
      "cpc": 1.85,
      "roas": 0.75,
      "orders": 855,
      "new_customers": 204,
      "total_revenue": 81537.43,
      "gross_profit": 44019.26,
      "marketing_attribution": 6.4,
      "facebook_spend": 1406.65,
      "google_spend": 5156.64,
      "tiktok_spend": 394.3,
      "facebook_revenue": 1745.78,
      "google_revenue": 3260.32,
      "tiktok_revenue": 230.59
    },
    {
      "date": "2024-03-25",
      "impressions": 174811,
      "clicks": 4354,
      "spend": 7117.94,
      "attributed_revenue": 8373.95,
      "ctr": 2.491,
      "cpc": 1.63,
      "roas": 1.18,
      "orders": 670,
      "new_customers": 157,
      "total_revenue": 45455.33,
      "gross_profit": 31197.86,
      "marketing_attribution": 18.4,
      "facebook_spend": 1039.16,
      "google_spend": 5281.14,
      "tiktok_spend": 797.64,
      "facebook_revenue": 1130.77,
      "google_revenue": 6195.81,
      "tiktok_revenue": 1047.37
    },
    {
      "date": "2024-03-26",
      "impressions": 128067,
      "clicks": 3249,
      "spend": 5787.56,
      "attributed_revenue": 3401.28,
      "ctr": 2.537,
      "cpc": 1.78,
      "roas": 0.59,
      "orders": 646,
      "new_customers": 160,
      "total_revenue": 58939.01,
      "gross_profit": 35245.65,
      "marketing_attribution": 5.8,
      "facebook_spend": 548.74,
      "google_spend": 4782.06,
      "tiktok_spend": 456.76,
      "facebook_revenue": 688.74,
      "google_revenue": 2300.88,
      "tiktok_revenue": 411.66
    },
    {
      "date": "2024-03-27",
      "impressions": 162889,
      "clicks": 3513,
      "spend": 5733.58,
      "attributed_revenue": 6374.33,
      "ctr": 2.157,
      "cpc": 1.63,
      "roas": 1.11,
      "orders": 675,
      "new_customers": 158,
      "total_revenue": 66231.08,
      "gross_profit": 39149.35,
      "marketing_attribution": 9.6,
      "facebook_spend": 2100.19,
      "google_spend": 2828.88,
      "tiktok_spend": 804.51,
      "facebook_revenue": 2229.03,
      "google_revenue": 3035.53,
      "tiktok_revenue": 1109.77
    },
    {
      "date": "2024-03-28",
      "impressions": 172520,
      "clicks": 4111,
      "spend": 7094.73,
      "attributed_revenue": 9319.64,
      "ctr": 2.383,
      "cpc": 1.73,
      "roas": 1.31,
      "orders": 759,
      "new_customers": 180,
      "total_revenue": 57071.42,
      "gross_profit": 27381.5,
      "marketing_attribution": 16.3,
      "facebook_spend": 1840.83,
      "google_spend": 4546.44,
      "tiktok_spend": 707.46,
      "facebook_revenue": 1930.74,
      "google_revenue": 6229.76,
      "tiktok_revenue": 1159.14
    },
    {
      "date": "2024-03-29",
      "impressions": 139206,
      "clicks": 3428,
      "spend": 6508.84,
      "attributed_revenue": 5797.4,
      "ctr": 2.463,
      "cpc": 1.9,
      "roas": 0.89,
      "orders": 682,
      "new_customers": 189,
      "total_revenue": 49574.34,
      "gross_profit": 28540.59,
      "marketing_attribution": 11.7,
      "facebook_spend": 1437.14,
      "google_spend": 4474.33,
      "tiktok_spend": 597.37,
      "facebook_revenue": 2107.57,
      "google_revenue": 3120.95,
      "tiktok_revenue": 568.88
    },
    {
      "date": "2024-03-30",
      "impressions": 103369,
      "clicks": 2752,
      "spend": 5015.63,
      "attributed_revenue": 6203.18,
      "ctr": 2.662,
      "cpc": 1.82,
      "roas": 1.24,
      "orders": 761,
      "new_customers": 199,
      "total_revenue": 76944.75,
      "gross_profit": 39764.38,
      "marketing_attribution": 8.1,
      "facebook_spend": 1680.2,
      "google_spend": 3210.05,
      "tiktok_spend": 125.38,
      "facebook_revenue": 1714.54,
      "google_revenue": 4180.27,
      "tiktok_revenue": 308.37
    },
    {
      "date": "2024-03-31",
      "impressions": 176546,
      "clicks": 4088,
      "spend": 5635.35,
      "attributed_revenue": 6377.76,
      "ctr": 2.316,
      "cpc": 1.38,
      "roas": 1.13,
      "orders": 764,
      "new_customers": 225,
      "total_revenue": 67524.77,
      "gross_profit": 42295.58,
      "marketing_attribution": 9.4,
      "facebook_spend": 1665.85,
      "google_spend": 2971.36,
      "tiktok_spend": 998.14,
      "facebook_revenue": 995.92,
      "google_revenue": 3989.39,
      "tiktok_revenue": 1392.45
    },
    {
      "date": "2024-04-01",
      "impressions": 127081,
      "clicks": 3072,
      "spend": 6315.52,
      "attributed_revenue": 5825.76,
      "ctr": 2.417,
      "cpc": 2.06,
      "roas": 0.92,
      "orders": 566,
      "new_customers": 185,
      "total_revenue": 33443.51,
      "gross_profit": 19368.18,
      "marketing_attribution": 17.4,
      "facebook_spend": 750.56,
      "google_spend": 5110.66,
      "tiktok_spend": 454.3,
      "facebook_revenue": 842.57,
      "google_revenue": 4488.65,
      "tiktok_revenue": 494.54
    },
    {
      "date": "2024-04-02",
      "impressions": 179706,
      "clicks": 4596,
      "spend": 8150.63,
      "attributed_revenue": 9166.14,
      "ctr": 2.558,
      "cpc": 1.77,
      "roas": 1.12,
      "orders": 675,
      "new_customers": 197,
      "total_revenue": 51533.7,
      "gross_profit": 28386.75,
      "marketing_attribution": 17.8,
      "facebook_spend": 1781.0,
      "google_spend": 5666.6,
      "tiktok_spend": 703.03,
      "facebook_revenue": 1617.46,
      "google_revenue": 6298.78,
      "tiktok_revenue": 1249.9
    },
    {
      "date": "2024-04-03",
      "impressions": 173915,
      "clicks": 3620,
      "spend": 6021.72,
      "attributed_revenue": 6592.41,
      "ctr": 2.081,
      "cpc": 1.66,
      "roas": 1.09,
      "orders": 682,
      "new_customers": 205,
      "total_revenue": 38729.54,
      "gross_profit": 22805.0,
      "marketing_attribution": 17.0,
      "facebook_spend": 1583.31,
      "google_spend": 3748.53,
      "tiktok_spend": 689.88,
      "facebook_revenue": 2012.72,
      "google_revenue": 3631.5,
      "tiktok_revenue": 948.19
    },
    {
      "date": "2024-04-04",
      "impressions": 115380,
      "clicks": 2934,
      "spend": 6833.84,
      "attributed_revenue": 5929.82,
      "ctr": 2.543,
      "cpc": 2.33,
      "roas": 0.87,
      "orders": 703,
      "new_customers": 216,
      "total_revenue": 25079.99,
      "gross_profit": 11680.58,
      "marketing_attribution": 23.6,
      "facebook_spend": 1549.66,
      "google_spend": 4905.05,
      "tiktok_spend": 379.13,
      "facebook_revenue": 1385.05,
      "google_revenue": 3840.11,
      "tiktok_revenue": 704.66
    },
    {
      "date": "2024-04-05",
      "impressions": 116587,
      "clicks": 2394,
      "spend": 3995.6,
      "attributed_revenue": 4639.01,
      "ctr": 2.053,
      "cpc": 1.67,
      "roas": 1.16,
      "orders": 658,
      "new_customers": 173,
      "total_revenue": 33587.76,
      "gross_profit": 16490.77,
      "marketing_attribution": 13.8,
      "facebook_spend": 1295.37,
      "google_spend": 2485.46,
      "tiktok_spend": 214.77,
      "facebook_revenue": 1757.12,
      "google_revenue": 2346.01,
      "tiktok_revenue": 535.88
    },
    {
      "date": "2024-04-06",
      "impressions": 130794,
      "clicks": 3251,
      "spend": 5645.98,
      "attributed_revenue": 7034.1,
      "ctr": 2.486,
      "cpc": 1.74,
      "roas": 1.25,
      "orders": 920,
      "new_customers": 219,
      "total_revenue": 68315.86,
      "gross_profit": 37152.01,
      "marketing_attribution": 10.3,
      "facebook_spend": 892.31,
      "google_spend": 4208.03,
      "tiktok_spend": 545.64,
      "facebook_revenue": 1262.28,
      "google_revenue": 4404.46,
      "tiktok_revenue": 1367.36
    },
    {
      "date": "2024-04-07",
      "impressions": 220668,
      "clicks": 4931,
      "spend": 7523.37,
      "attributed_revenue": 10534.15,
      "ctr": 2.235,
      "cpc": 1.53,
      "roas": 1.4,
      "orders": 807,
      "new_customers": 207,
      "total_revenue": 48937.01,
      "gross_profit": 24413.73,
      "marketing_attribution": 21.5,
      "facebook_spend": 2057.99,
      "google_spend": 4440.27,
      "tiktok_spend": 1025.11,
      "facebook_revenue": 2434.7,
      "google_revenue": 6432.02,
      "tiktok_revenue": 1667.43
    },
    {
      "date": "2024-04-08",
      "impressions": 108874,
      "clicks": 2813,
      "spend": 4790.7,
      "attributed_revenue": 6902.26,
      "ctr": 2.584,
      "cpc": 1.7,
      "roas": 1.44,
      "orders": 646,
      "new_customers": 195,
      "total_revenue": 36157.97,
      "gross_profit": 20071.07,
      "marketing_attribution": 19.1,
      "facebook_spend": 1341.55,
      "google_spend": 3406.31,
      "tiktok_spend": 42.84,
      "facebook_revenue": 2130.98,
      "google_revenue": 4771.28,
      "tiktok_revenue": 0.0
    },
    {
      "date": "2024-04-09",
      "impressions": 116081,
      "clicks": 3192,
      "spend": 7418.23,
      "attributed_revenue": 3972.8,
      "ctr": 2.75,
      "cpc": 2.32,
      "roas": 0.54,
      "orders": 725,
      "new_customers": 172,
      "total_revenue": 55232.53,
      "gross_profit": 30204.92,
      "marketing_attribution": 7.2,
      "facebook_spend": 1308.67,
      "google_spend": 5888.0,
      "tiktok_spend": 221.56,
      "facebook_revenue": 1427.52,
      "google_revenue": 2357.56,
      "tiktok_revenue": 187.72
    },
    {
      "date": "2024-04-10",
      "impressions": 206565,
      "clicks": 5021,
      "spend": 10743.02,
      "attributed_revenue": 10004.22,
      "ctr": 2.431,
      "cpc": 2.14,
      "roas": 0.93,
      "orders": 705,
      "new_customers": 162,
      "total_revenue": 45523.37,
      "gross_profit": 24711.56,
      "marketing_attribution": 22.0,
      "facebook_spend": 1968.67,
      "google_spend": 8064.55,
      "tiktok_spend": 709.8,
      "facebook_revenue": 3021.85,
      "google_revenue": 6220.78,
      "tiktok_revenue": 761.59
    },
    {
      "date": "2024-04-11",
      "impressions": 188720,
      "clicks": 4179,
      "spend": 7195.23,
      "attributed_revenue": 10027.82,
      "ctr": 2.214,
      "cpc": 1.72,
      "roas": 1.39,
      "orders": 769,
      "new_customers": 182,
      "total_revenue": 68278.49,
      "gross_profit": 35886.38,
      "marketing_attribution": 14.7,
      "facebook_spend": 2447.01,
      "google_spend": 3635.26,
      "tiktok_spend": 1112.96,
      "facebook_revenue": 2024.11,
      "google_revenue": 5975.69,
      "tiktok_revenue": 2028.02
    },
    {
      "date": "2024-04-12",
      "impressions": 141356,
      "clicks": 3633,
      "spend": 6621.07,
      "attributed_revenue": 7353.02,
      "ctr": 2.57,
      "cpc": 1.82,
      "roas": 1.11,
      "orders": 674,
      "new_customers": 195,
      "total_revenue": 61656.16,
      "gross_profit": 29027.76,
      "marketing_attribution": 11.9,
      "facebook_spend": 1874.42,
      "google_spend": 4315.87,
      "tiktok_spend": 430.78,
      "facebook_revenue": 1868.99,
      "google_revenue": 4561.97,
      "tiktok_revenue": 922.06
    },
    {
      "date": "2024-04-13",
      "impressions": 178594,
      "clicks": 3780,
      "spend": 7078.59,
      "attributed_revenue": 8082.8,
      "ctr": 2.117,
      "cpc": 1.87,
      "roas": 1.14,
      "orders": 842,
      "new_customers": 251,
      "total_revenue": 70681.05,
      "gross_profit": 38989.68,
      "marketing_attribution": 11.4,
      "facebook_spend": 2171.04,
      "google_spend": 4239.95,
      "tiktok_spend": 667.6,
      "facebook_revenue": 1896.41,
      "google_revenue": 6074.83,
      "tiktok_revenue": 111.56
    },
    {
      "date": "2024-04-14",
      "impressions": 221056,
      "clicks": 5540,
      "spend": 9942.0,
      "attributed_revenue": 11450.92,
      "ctr": 2.506,
      "cpc": 1.79,
      "roas": 1.15,
      "orders": 823,
      "new_customers": 193,
      "total_revenue": 56777.53,
      "gross_profit": 29405.37,
      "marketing_attribution": 20.2,
      "facebook_spend": 2294.6,
      "google_spend": 6562.81,
      "tiktok_spend": 1084.59,
      "facebook_revenue": 2455.86,
      "google_revenue": 6159.03,
      "tiktok_revenue": 2836.03
    },
    {
      "date": "2024-04-15",
      "impressions": 147350,
      "clicks": 3721,
      "spend": 7135.59,
      "attributed_revenue": 8103.32,
      "ctr": 2.525,
      "cpc": 1.92,
      "roas": 1.14,
      "orders": 725,
      "new_customers": 205,
      "total_revenue": 36205.68,
      "gross_profit": 20581.56,
      "marketing_attribution": 22.4,
      "facebook_spend": 1918.11,
      "google_spend": 4607.28,
      "tiktok_spend": 610.2,
      "facebook_revenue": 2606.16,
      "google_revenue": 4741.61,
      "tiktok_revenue": 755.55
    },
    {
      "date": "2024-04-16",
      "impressions": 127497,
      "clicks": 2702,
      "spend": 4739.98,
      "attributed_revenue": 5096.25,
      "ctr": 2.119,
      "cpc": 1.75,
      "roas": 1.08,
      "orders": 743,
      "new_customers": 208,
      "total_revenue": 67149.8,
      "gross_profit": 36102.86,
      "marketing_attribution": 7.6,
      "facebook_spend": 1137.63,
      "google_spend": 3298.28,
      "tiktok_spend": 304.07,
      "facebook_revenue": 1622.18,
      "google_revenue": 3275.31,
      "tiktok_revenue": 198.76
    },
    {
      "date": "2024-04-17",
      "impressions": 147065,
      "clicks": 3926,
      "spend": 6114.64,
      "attributed_revenue": 6940.96,
      "ctr": 2.67,
      "cpc": 1.56,
      "roas": 1.14,
      "orders": 689,
      "new_customers": 189,
      "total_revenue": 67206.76,
      "gross_profit": 38056.1,
      "marketing_attribution": 10.3,
      "facebook_spend": 1786.29,
      "google_spend": 4020.73,
      "tiktok_spend": 307.62,
      "facebook_revenue": 2043.85,
      "google_revenue": 4176.94,
      "tiktok_revenue": 720.17
    },
    {
      "date": "2024-04-18",
      "impressions": 151155,
      "clicks": 4209,
      "spend": 6071.65,
      "attributed_revenue": 6758.79,
      "ctr": 2.785,
      "cpc": 1.44,
      "roas": 1.11,
      "orders": 690,
      "new_customers": 161,
      "total_revenue": 48342.31,
      "gross_profit": 24026.09,
      "marketing_attribution": 14.0,
      "facebook_spend": 2006.02,
      "google_spend": 3484.73,
      "tiktok_spend": 580.9,
      "facebook_revenue": 2004.2,
      "google_revenue": 3987.33,
      "tiktok_revenue": 767.26
    },
    {
      "date": "2024-04-19",
      "impressions": 185093,
      "clicks": 4338,
      "spend": 7897.45,
      "attributed_revenue": 9173.97,
      "ctr": 2.344,
      "cpc": 1.82,
      "roas": 1.16,
      "orders": 725,
      "new_customers": 223,
      "total_revenue": 48241.61,
      "gross_profit": 27126.42,
      "marketing_attribution": 19.0,
      "facebook_spend": 1628.95,
      "google_spend": 5701.78,
      "tiktok_spend": 566.72,
      "facebook_revenue": 3551.44,
      "google_revenue": 4748.35,
      "tiktok_revenue": 874.18
    },
    {
      "date": "2024-04-20",
      "impressions": 155277,
      "clicks": 4016,
      "spend": 7177.42,
      "attributed_revenue": 9547.37,
      "ctr": 2.586,
      "cpc": 1.79,
      "roas": 1.33,
      "orders": 893,
      "new_customers": 254,
      "total_revenue": 41831.41,
      "gross_profit": 18868.43,
      "marketing_attribution": 22.8,
      "facebook_spend": 1442.29,
      "google_spend": 5080.76,
      "tiktok_spend": 654.37,
      "facebook_revenue": 1872.92,
      "google_revenue": 6484.62,
      "tiktok_revenue": 1189.83
    },
    {
      "date": "2024-04-21",
      "impressions": 131060,
      "clicks": 3295,
      "spend": 5282.27,
      "attributed_revenue": 5400.59,
      "ctr": 2.514,
      "cpc": 1.6,
      "roas": 1.02,
      "orders": 835,
      "new_customers": 247,
      "total_revenue": 39125.66,
      "gross_profit": 22547.86,
      "marketing_attribution": 13.8,
      "facebook_spend": 1779.2,
      "google_spend": 2904.99,
      "tiktok_spend": 598.08,
      "facebook_revenue": 2389.08,
      "google_revenue": 2037.76,
      "tiktok_revenue": 973.75
    },
    {
      "date": "2024-04-22",
      "impressions": 179347,
      "clicks": 4327,
      "spend": 7266.55,
      "attributed_revenue": 8479.31,
      "ctr": 2.413,
      "cpc": 1.68,
      "roas": 1.17,
      "orders": 706,
      "new_customers": 155,
      "total_revenue": 40194.36,
      "gross_profit": 21474.13,
      "marketing_attribution": 21.1,
      "facebook_spend": 2289.52,
      "google_spend": 4021.86,
      "tiktok_spend": 955.17,
      "facebook_revenue": 3462.88,
      "google_revenue": 3780.81,
      "tiktok_revenue": 1235.62
    },
    {
      "date": "2024-04-23",
      "impressions": 174135,
      "clicks": 3974,
      "spend": 6203.76,
      "attributed_revenue": 8847.73,
      "ctr": 2.282,
      "cpc": 1.56,
      "roas": 1.43,
      "orders": 803,
      "new_customers": 208,
      "total_revenue": 53763.77,
      "gross_profit": 24718.56,
      "marketing_attribution": 16.5,
      "facebook_spend": 2239.05,
      "google_spend": 3207.04,
      "tiktok_spend": 757.67,
      "facebook_revenue": 2870.71,
      "google_revenue": 5226.21,
      "tiktok_revenue": 750.81
    },
    {
      "date": "2024-04-24",
      "impressions": 135511,
      "clicks": 3499,
      "spend": 5377.34,
      "attributed_revenue": 7240.87,
      "ctr": 2.582,
      "cpc": 1.54,
      "roas": 1.35,
      "orders": 681,
      "new_customers": 173,
      "total_revenue": 68515.6,
      "gross_profit": 42356.95,
      "marketing_attribution": 10.6,
      "facebook_spend": 1854.7,
      "google_spend": 3088.65,
      "tiktok_spend": 433.99,
      "facebook_revenue": 2588.37,
      "google_revenue": 3527.83,
      "tiktok_revenue": 1124.67
    },
    {
      "date": "2024-04-25",
      "impressions": 163547,
      "clicks": 3461,
      "spend": 6675.49,
      "attributed_revenue": 7976.41,
      "ctr": 2.116,
      "cpc": 1.93,
      "roas": 1.19,
      "orders": 700,
      "new_customers": 139,
      "total_revenue": 49215.12,
      "gross_profit": 30307.12,
      "marketing_attribution": 16.2,
      "facebook_spend": 1934.73,
      "google_spend": 4506.32,
      "tiktok_spend": 234.44,
      "facebook_revenue": 1731.57,
      "google_revenue": 5935.6,
      "tiktok_revenue": 309.24
    },
    {
      "date": "2024-04-26",
      "impressions": 192424,
      "clicks": 3514,
      "spend": 6068.76,
      "attributed_revenue": 7933.39,
      "ctr": 1.826,
      "cpc": 1.73,
      "roas": 1.31,
      "orders": 691,
      "new_customers": 177,
      "total_revenue": 46958.2,
      "gross_profit": 21895.99,
      "marketing_attribution": 16.9,
      "facebook_spend": 1946.88,
      "google_spend": 3279.05,
      "tiktok_spend": 842.83,
      "facebook_revenue": 1734.83,
      "google_revenue": 4748.46,
      "tiktok_revenue": 1450.1
    },
    {
      "date": "2024-04-27",
      "impressions": 161032,
      "clicks": 3760,
      "spend": 6926.94,
      "attributed_revenue": 7688.47,
      "ctr": 2.335,
      "cpc": 1.84,
      "roas": 1.11,
      "orders": 835,
      "new_customers": 228,
      "total_revenue": 63643.23,
      "gross_profit": 35887.29,
      "marketing_attribution": 12.1,
      "facebook_spend": 1330.29,
      "google_spend": 4799.12,
      "tiktok_spend": 797.53,
      "facebook_revenue": 1319.17,
      "google_revenue": 4988.71,
      "tiktok_revenue": 1380.59
    },
    {
      "date": "2024-04-28",
      "impressions": 149096,
      "clicks": 3713,
      "spend": 6525.89,
      "attributed_revenue": 6481.25,
      "ctr": 2.49,
      "cpc": 1.76,
      "roas": 0.99,
      "orders": 875,
      "new_customers": 259,
      "total_revenue": 58028.19,
      "gross_profit": 29154.82,
      "marketing_attribution": 11.2,
      "facebook_spend": 1028.32,
      "google_spend": 5165.23,
      "tiktok_spend": 332.34,
      "facebook_revenue": 1044.48,
      "google_revenue": 4995.43,
      "tiktok_revenue": 441.34
    },
    {
      "date": "2024-04-29",
      "impressions": 186912,
      "clicks": 3875,
      "spend": 7764.93,
      "attributed_revenue": 8942.47,
      "ctr": 2.073,
      "cpc": 2.0,
      "roas": 1.15,
      "orders": 682,
      "new_customers": 219,
      "total_revenue": 52861.42,
      "gross_profit": 29492.82,
      "marketing_attribution": 16.9,
      "facebook_spend": 2298.72,
      "google_spend": 5024.37,
      "tiktok_spend": 441.84,
      "facebook_revenue": 3651.51,
      "google_revenue": 4490.94,
      "tiktok_revenue": 800.02
    }
  ],
  "platform_performance": [
    {
      "platform": "Google",
      "impressions": 6478557,
      "clicks": 226357,
      "spend": 485224.56,
      "attributed_revenue": 498259.33,
      "ctr": 3.494,
      "cpc": 2.14,
      "roas": 1.03,
      "campaigns": 4
    },
    {
      "platform": "Facebook",
      "impressions": 5943471,
      "clicks": 119921,
      "spend": 184622.59,
      "attributed_revenue": 226684.68,
      "ctr": 2.018,
      "cpc": 1.54,
      "roas": 1.23,
      "campaigns": 4
    },
    {
      "platform": "TikTok",
      "impressions": 5246303,
      "clicks": 80651,
      "spend": 66679.56,
      "attributed_revenue": 109360.28,
      "ctr": 1.537,
      "cpc": 0.83,
      "roas": 1.64,
      "campaigns": 4
    }
  ],
  "campaign_performance": [
    {
      "campaign": "YouTube_Video_Ads",
      "platform": "Google",
      "impressions": 1632681,
      "clicks": 58603,
      "spend": 128200.29,
      "attributed_revenue": 71612.78,
      "ctr": 3.589,
      "cpc": 2.19,
      "roas": 0.56
    },
    {
      "campaign": "Search_Brand_Terms",
      "platform": "Google",
      "impressions": 1638973,
      "clicks": 56166,
      "spend": 123538.66,
      "attributed_revenue": 198776.51,
      "ctr": 3.427,
      "cpc": 2.2,
      "roas": 1.61
    },
    {
      "campaign": "Display_Remarketing",
      "platform": "Google",
      "impressions": 1581891,
      "clicks": 56550,
      "spend": 116995.09,
      "attributed_revenue": 79745.43,
      "ctr": 3.575,
      "cpc": 2.07,
      "roas": 0.68
    },
    {
      "campaign": "Shopping_Campaigns",
      "platform": "Google",
      "impressions": 1625012,
      "clicks": 55038,
      "spend": 116490.52,
      "attributed_revenue": 148124.61,
      "ctr": 3.387,
      "cpc": 2.12,
      "roas": 1.27
    },
    {
      "campaign": "Product_Launch_Mar",
      "platform": "Facebook",
      "impressions": 1463238,
      "clicks": 29977,
      "spend": 46823.61,
      "attributed_revenue": 48300.18,
      "ctr": 2.049,
      "cpc": 1.56,
      "roas": 1.03
    },
    {
      "campaign": "Conversion_Campaign_Jan",
      "platform": "Facebook",
      "impressions": 1525335,
      "clicks": 30705,
      "spend": 46811.19,
      "attributed_revenue": 64360.17,
      "ctr": 2.013,
      "cpc": 1.52,
      "roas": 1.37
    },
    {
      "campaign": "Retargeting_Feb",
      "platform": "Facebook",
      "impressions": 1469698,
      "clicks": 29812,
      "spend": 45714.6,
      "attributed_revenue": 89258.02,
      "ctr": 2.028,
      "cpc": 1.53,
      "roas": 1.95
    },
    {
      "campaign": "Brand_Awareness_Q1",
      "platform": "Facebook",
      "impressions": 1485200,
      "clicks": 29427,
      "spend": 45273.19,
      "attributed_revenue": 24766.31,
      "ctr": 1.981,
      "cpc": 1.54,
      "roas": 0.55
    },
    {
      "campaign": "Gen_Z_Outreach",
      "platform": "TikTok",
      "impressions": 1398974,
      "clicks": 22382,
      "spend": 18827.26,
      "attributed_revenue": 25947.27,
      "ctr": 1.6,
      "cpc": 0.84,
      "roas": 1.38
    },
    {
      "campaign": "Product_Demo_Videos",
      "platform": "TikTok",
      "impressions": 1274149,
      "clicks": 20725,
      "spend": 17108.34,
      "attributed_revenue": 26668.44,
      "ctr": 1.627,
      "cpc": 0.83,
      "roas": 1.56
    },
    {
      "campaign": "Influencer_Collab",
      "platform": "TikTok",
      "impressions": 1410451,
      "clicks": 19658,
      "spend": 15724.22,
      "attributed_revenue": 33199.6,
      "ctr": 1.394,
      "cpc": 0.8,
      "roas": 2.11
    },
    {
      "campaign": "Trend_Challenge",
      "platform": "TikTok",
      "impressions": 1162729,
      "clicks": 17886,
      "spend": 15019.74,
      "attributed_revenue": 23544.97,
      "ctr": 1.538,
      "cpc": 0.84,
      "roas": 1.57
    }
  ],
  "last_updated": "2025-09-13T20:12:54.014251"
}